@inproceedings{GGPR13,
    author    = {R. Gennaro and
                C. Gentry and
                B. Parno and
                M. Raykova},
    title     = {Quadratic Span Programs and Succinct NIZKs without PCPs},
    booktitle = {Advances in Cryptology - {EUROCRYPT} 2013, 32nd Annual International
                 Conference on the Theory and Applications of Cryptographic Techniques,
                 Athens, Greece, May 26-30, 2013. Proceedings},
    pages     = {626--645},
    year      = {2013},
}
@inproceedings{Gro16,
    author    = {J. Groth},
    title     = {On the Size of Pairing-Based Non-interactive Arguments},
    booktitle = {Advances in Cryptology - {EUROCRYPT} 2016 - 35th Annual International
                 Conference on the Theory and Applications of Cryptographic Techniques,
                 Vienna, Austria, May 8-12, 2016, Proceedings, Part {II}},
    pages     = {305--326},
    year      = {2016},
}
